
@article{jauslin2018high,
  title={High-Fugacity Expansion, Lee--Yang Zeros, and Order--Disorder Transitions in Hard-Core Lattice Systems},
  author={Jauslin, Ian and Lebowitz, Joel L},
  journal={Communications in Mathematical Physics},
  volume={364},
  pages={655--682},
  year={2018},
  publisher={Springer}
}
@article{golomb1970perfect,
  title={Perfect codes in the Lee metric and the packing of polyominoes},
  author={Golomb, Solomon W and Welch, Lloyd R},
  journal={SIAM Journal on Applied Mathematics},
  volume={18},
  number={2},
  pages={302--317},
  year={1970},
  publisher={SIAM}
}
@article{roth2006introduction,
  title={Introduction to coding theory},
  author={Roth, Ron M},
  journal={IET Communications},
  volume={47},
  number={18-19},
  pages={4},
  year={2006},
  publisher={IET}
}
@article{29,

  author={Lee, C.},

  journal={IRE Transactions on Information Theory}, 

  title={Some properties of nonbinary error-correcting codes}, 

  year={1958},

  volume={4},

  number={2},

  pages={77-82},

  keywords={Error correction codes;Personal communication networks;Binary codes;Wheels;Counting circuits;Encoding;Instruments},

  doi={10.1109/TIT.1958.1057446}}
